@article{siess2000,
author = {L. Siess and E. Dufour and M. Forestini},
title = {An Internet Server for Pre-Main Sequence Tracks of Low- and Intermediate-mass Stars},
journal = {A \& A},
year = {2000},
volume = {358},
pages = {593}
}

@article{stepien2002,
author = {K. St\c{e}pie\'{n}},
title = {Spin-up of Be Stars in the Pre-Main Sequence Phase},
journal = {A \& A},
year = {2002},
volume = {383},
pages = {218}
}
